@inproceedings{doerr2011stabilizing,
  title={Stabilizing consensus with the power of two choices},
  author={Doerr, Benjamin and Goldberg, Leslie Ann and Minder, Lorenz and Sauerwald, Thomas and Scheideler, Christian},
  booktitle={Proceedings of the twenty-third annual ACM symposium on Parallelism in algorithms and architectures},
  pages={149--158},
  year={2011},
  organization={ACM}
}

@article{tan1976absorption,
  title={On the absorption probabilities and absorption times of finite homogeneous birth-death processes},
  author={Tan, WY},
  journal={Biometrics},
  pages={745--752},
  year={1976},
  publisher={JSTOR}
}

@inproceedings{banerjee2014epidemic,
  title={Epidemic thresholds with external agents},
  author={Banerjee, Siddhartha and Chatterjee, Avhishek and Shakkottai, Sanjay},
  booktitle={IEEE INFOCOM 2014-IEEE Conference on Computer Communications},
  pages={2202--2210},
  year={2014},
  organization={IEEE}
}

@inproceedings{ganesh2005effect,
  title={The effect of network topology on the spread of epidemics},
  author={Ganesh, Ayalvadi and Massouli{\'e}, Laurent and Towsley, Don},
  booktitle={Proceedings IEEE 24th Annual Joint Conference of the IEEE Computer and Communications Societies.},
  volume={2},
  pages={1455--1466},
  year={2005},
  organization={IEEE}
}

@inproceedings{draief2006thresholds,
  title={Thresholds for virus spread on networks},
  author={Draief, Moez and Ganesh, Ayalvadi and Massouli{\'e}, Laurent},
  booktitle={Proceedings of the 1st international conference on Performance evaluation methodologies and tools},
  pages={51},
  year={2006},
  organization={ACM}
}

@book{keeling2011modeling,
  title={Modeling infectious diseases in humans and animals},
  author={Keeling, Matt J and Rohani, Pejman},
  year={2011},
  publisher={Princeton University Press}
}

@article{liggett1997stochastic,
  title={Stochastic models of interacting systems},
  author={Liggett, Thomas M and others},
  journal={The Annals of Probability},
  volume={25},
  number={1},
  pages={1--29},
  year={1997},
  publisher={Institute of Mathematical Statistics}
}


@article{martin2006fast,
	title={Fast byzantine consensus},
	author={Martin, J-P and Alvisi, Lorenzo},
	journal={IEEE Transactions on Dependable and Secure Computing},
	volume={3},
	number={3},
	pages={202--215},
	year={2006},
	publisher={IEEE}
}

@misc{nakamoto2008bitcoin,
  title={Bitcoin: A peer-to-peer electronic cash system},
  author={Nakamoto, Satoshi},
  year={2008}
}

@article{chvatal1979tail,
  title={The tail of the hypergeometric distribution},
  author={Chv{\'a}tal, Vasek},
  journal={Discrete Mathematics},
  volume={25},
  number={3},
  pages={285--287},
  year={1979},
  publisher={Elsevier}
}


@article{muselli1996simple,
  title={Simple expressions for success run distributions in Bernoulli trials},
  author={Muselli, Marco},
  journal={Statistics \& Probability Letters},
  volume={31},
  number={2},
  pages={121--128},
  year={1996},
  publisher={Elsevier}
}

@inproceedings{EyalGSR16,
  author    = {Ittay Eyal and
               Adem Efe Gencer and
               Emin G{\"{u}}n Sirer and
               Robbert van Renesse},
  title     = {Bitcoin-{NG}: {A} Scalable Blockchain Protocol},
  booktitle = {13th {USENIX} Symposium on Networked Systems Design and Implementation,
               {NSDI} 2016, Santa Clara, CA, USA, March 16-18, 2016},
  pages     = {45--59},
  year      = {2016},
  url       = {https://www.usenix.org/conference/nsdi16/technical-sessions/presentation/eyal},
  timestamp = {Tue, 28 Mar 2017 14:03:28 +0200},
  biburl    = {https://dblp.org/rec/bib/conf/nsdi/EyalGSR16},
  bibsource = {dblp computer science bibliography, https://dblp.org}
}

@inproceedings{PassS18,
  author    = {Rafael Pass and
               Elaine Shi},
  title     = {Thunderella: Blockchains with Optimistic Instant Confirmation},
  booktitle = {Advances in Cryptology - {EUROCRYPT} 2018 - 37th Annual International
               Conference on the Theory and Applications of Cryptographic Techniques,
               Tel Aviv, Israel, April 29 - May 3, 2018 Proceedings, Part {II}},
  pages     = {3--33},
  year      = {2018},
  url       = {https://doi.org/10.1007/978-3-319-78375-8_1},
  doi       = {10.1007/978-3-319-78375-8_1},
  timestamp = {Mon, 16 Apr 2018 14:06:24 +0200},
  biburl    = {https://dblp.org/rec/bib/conf/eurocrypt/PassS18},
  bibsource = {dblp computer science bibliography, https://dblp.org}
}

@inproceedings{Kokoris-KogiasJ16,
  author    = {Eleftherios Kokoris{-}Kogias and
               Philipp Jovanovic and
               Nicolas Gailly and
               Ismail Khoffi and
               Linus Gasser and
               Bryan Ford},
  title     = {Enhancing {Bitcoin} Security and Performance with Strong Consistency
               via Collective Signing},
  booktitle = {25th {USENIX} Security Symposium, {USENIX} Security 16, Austin, TX,
               USA, August 10-12, 2016.},
  pages     = {279--296},
  year      = {2016},
  url       = {https://www.usenix.org/conference/usenixsecurity16/technical-sessions/presentation/kogias},
  timestamp = {Mon, 05 Sep 2016 15:43:05 +0200},
  biburl    = {https://dblp.org/rec/bib/conf/uss/Kokoris-KogiasJ16},
  bibsource = {dblp computer science bibliography, https://dblp.org}
}

@misc{cryptoeprint:2016:919,
    author = {Phil Daian and Rafael Pass and Elaine Shi},
    title = {Snow White: Provably Secure Proofs of Stake},
    howpublished = {Cryptology ePrint Archive, Report 2016/919},
    year = {2016},
    note = {\url{https://eprint.iacr.org/2016/919}},
}

@inproceedings{KiayiasRDO17,
  author    = {Aggelos Kiayias and
               Alexander Russell and
               Bernardo David and
               Roman Oliynykov},
  title     = {Ouroboros: {A} Provably Secure Proof-of-Stake Blockchain Protocol},
  booktitle = {Advances in Cryptology - {CRYPTO} 2017 - 37th Annual International
               Cryptology Conference, Santa Barbara, CA, USA, August 20-24, 2017,
               Proceedings, Part {I}},
  pages     = {357--388},
  year      = {2017},
  url       = {https://doi.org/10.1007/978-3-319-63688-7_12},
  doi       = {10.1007/978-3-319-63688-7_12},
  timestamp = {Mon, 14 Aug 2017 14:34:46 +0200},
  biburl    = {https://dblp.org/rec/bib/conf/crypto/KiayiasRDO17},
  bibsource = {dblp computer science bibliography, https://dblp.org}
}

@inproceedings{DavidGKR18,
  author    = {Bernardo David and
               Peter Gazi and
               Aggelos Kiayias and
               Alexander Russell},
  title     = {Ouroboros {Praos}: An Adaptively-Secure, Semi-synchronous Proof-of-Stake
               Blockchain},
  booktitle = {Advances in Cryptology - {EUROCRYPT} 2018 - 37th Annual International
               Conference on the Theory and Applications of Cryptographic Techniques,
               Tel Aviv, Israel, April 29 - May 3, 2018 Proceedings, Part {II}},
  pages     = {66--98},
  year      = {2018},
  url       = {https://doi.org/10.1007/978-3-319-78375-8_3},
  doi       = {10.1007/978-3-319-78375-8_3},
  timestamp = {Mon, 16 Apr 2018 14:06:24 +0200},
  biburl    = {https://dblp.org/rec/bib/conf/eurocrypt/DavidGKR18},
  bibsource = {dblp computer science bibliography, https://dblp.org}
}

@article{PeaseSL80,
    author    = {Marshall C. Pease and
                Robert E. Shostak and
                Leslie Lamport},
    title     = {Reaching Agreement in the Presence of Faults},
    journal   = {J. {ACM}},
    volume    = {27},
    number    = {2},
    pages     = {228--234},
    year      = {1980},
    url       = {http://doi.acm.org/10.1145/322186.322188},
    doi       = {10.1145/322186.322188},
    timestamp = {Thu, 26 Jan 2012 17:31:31 +0100},
    biburl    = {https://dblp.org/rec/bib/journals/jacm/PeaseSL80},
    bibsource = {dblp computer science bibliography, https://dblp.org}
}

@article{LamportSP82,
    author    = {Leslie Lamport and
                Robert E. Shostak and
                Marshall C. Pease},
    title     = {The Byzantine Generals Problem},
    journal   = {{ACM} Trans. Program. Lang. Syst.},
    volume    = {4},
    number    = {3},
    pages     = {382--401},
    year      = {1982},
    url       = {http://doi.acm.org/10.1145/357172.357176},
    doi       = {10.1145/357172.357176},
    timestamp = {Mon, 03 Apr 2006 11:19:30 +0200},
    biburl    = {https://dblp.org/rec/bib/journals/toplas/LamportSP82},
    bibsource = {dblp computer science bibliography, https://dblp.org}
}

@inproceedings{ClementWADM09,
    author    = {Allen Clement and
                Edmund L. Wong and
                Lorenzo Alvisi and
                Michael Dahlin and
                Mirco Marchetti},
    title     = {Making Byzantine Fault Tolerant Systems Tolerate Byzantine Faults},
    booktitle = {Proceedings of the 6th {USENIX} Symposium on Networked Systems Design
                and Implementation, {NSDI} 2009, April 22-24, 2009, Boston, MA, {USA}},
    pages     = {153--168},
    year      = {2009},
    url       = {http://www.usenix.org/events/nsdi09/tech/full_papers/clement/clement.pdf},
    timestamp = {Wed, 14 May 2014 19:33:31 +0200},
    biburl    = {https://dblp.org/rec/bib/conf/nsdi/ClementWADM09},
    bibsource = {dblp computer science bibliography, https://dblp.org}
}

@article{KotlaADCW09,
    author    = {Ramakrishna Kotla and
                Lorenzo Alvisi and
                Michael Dahlin and
                Allen Clement and
                Edmund L. Wong},
    title     = {Zyzzyva: Speculative Byzantine fault tolerance},
    journal   = {{ACM} Trans. Comput. Syst.},
    volume    = {27},
    number    = {4},
    pages     = {7:1--7:39},
    year      = {2009},
    url       = {http://doi.acm.org/10.1145/1658357.1658358},
    doi       = {10.1145/1658357.1658358},
    timestamp = {Mon, 09 Jan 2017 14:12:13 +0100},
    biburl    = {https://dblp.org/rec/bib/journals/tocs/KotlaADCW09},
    bibsource = {dblp computer science bibliography, https://dblp.org}
}

@inproceedings{MillerXCSS16,
    author    = {Andrew Miller and
                Yu Xia and
                Kyle Croman and
                Elaine Shi and
                Dawn Song},
    title     = {The {Honey} {Badger} of {BFT} Protocols},
    booktitle = {Proceedings of the 2016 {ACM} {SIGSAC} Conference on Computer and
        Communications Security, Vienna, Austria, October 24-28, 2016},
    pages     = {31--42},
    year      = {2016},
    url       = {http://doi.acm.org/10.1145/2976749.2978399},
    doi       = {10.1145/2976749.2978399},
    timestamp = {Thu, 10 Nov 2016 07:35:47 +0100},
    biburl    = {https://dblp.org/rec/bib/conf/ccs/MillerXCSS16},
    bibsource = {dblp computer science bibliography, https://dblp.org}
}

@phdthesis{buchman2016tendermint,
    title={Tendermint: Byzantine fault tolerance in the age of blockchains},
    author={Buchman, Ethan},
    year={2016}
}

@article{schwartz2014ripple,
    title={The {Ripple} protocol consensus algorithm},
    author={Schwartz, David and Youngs, Noah and Britto, Arthur and others},
    journal={Ripple Labs Inc White Paper},
    volume={5},
    year={2014}
}

@article{mazieres2015stellar,
    title={The {Stellar} consensus protocol: A federated model for internet-level consensus},
    author={Mazieres, David},
    journal={Stellar Development Foundation},
    year={2015},
    publisher={Citeseer}
}

@inproceedings{GiladHMVZ17,
    author    = {Yossi Gilad and
                Rotem Hemo and
                Silvio Micali and
                Georgios Vlachos and
                Nickolai Zeldovich},
    title     = {Algorand: Scaling Byzantine Agreements for Cryptocurrencies},
    booktitle = {Proceedings of the 26th Symposium on Operating Systems Principles,
                Shanghai, China, October 28-31, 2017},
    pages     = {51--68},
    year      = {2017},
    url       = {http://doi.acm.org/10.1145/3132747.3132757},
    doi       = {10.1145/3132747.3132757},
    timestamp = {Thu, 19 Oct 2017 21:48:10 +0200},
    biburl    = {https://dblp.org/rec/bib/conf/sosp/GiladHMVZ17},
    bibsource = {dblp computer science bibliography, https://dblp.org}
}

@inproceedings{SompolinskyZ15,
    author    = {Yonatan Sompolinsky and
                Aviv Zohar},
    title     = {Secure High-Rate Transaction Processing in {Bitcoin}},
    booktitle = {Financial Cryptography and Data Security, San Juan, Puerto Rico, January 26-30, 2015, Revised Selected
                Papers},
    pages     = {507--527},
    year      = {2015},
    url       = {https://doi.org/10.1007/978-3-662-47854-7_32},
    doi       = {10.1007/978-3-662-47854-7_32},
    timestamp = {Fri, 26 May 2017 00:50:27 +0200},
    biburl    = {https://dblp.org/rec/bib/conf/fc/SompolinskyZ15},
    bibsource = {dblp computer science bibliography, https://dblp.org}
}

@article{SompolinskyLZ16,
  author    = {Yonatan Sompolinsky and
               Yoad Lewenberg and
               Aviv Zohar},
  title     = {{SPECTRE:} {A} Fast and Scalable Cryptocurrency Protocol},
  journal   = {{IACR} Cryptology ePrint Archive},
  volume    = {2016},
  pages     = {1159},
  year      = {2016},
  url       = {http://eprint.iacr.org/2016/1159},
  timestamp = {Thu, 08 Jun 2017 14:26:36 +0200},
  biburl    = {https://dblp.org/rec/bib/journals/iacr/SompolinskyLZ16},
  bibsource = {dblp computer science bibliography, https://dblp.org}
}

@article{SompolinskyZ18,
  author    = {Yonatan Sompolinsky and
               Aviv Zohar},
  title     = {{PHANTOM:} {A} Scalable BlockDAG Protocol},
  journal   = {{IACR} Cryptology ePrint Archive},
  volume    = {2018},
  pages     = {104},
  year      = {2018},
  url       = {http://eprint.iacr.org/2018/104},
  timestamp = {Tue, 20 Mar 2018 14:34:22 +0100},
  biburl    = {https://dblp.org/rec/bib/journals/iacr/SompolinskyZ18},
  bibsource = {dblp computer science bibliography, https://dblp.org}
}

@article{BentovHMN17,
  author    = {Iddo Bentov and
               Pavel Hub{\'{a}}cek and
               Tal Moran and
               Asaf Nadler},
  title     = {Tortoise and {Hares} {Consensus}: the {Meshcash} Framework for Incentive-Compatible,
               Scalable Cryptocurrencies},
  journal   = {{IACR} Cryptology ePrint Archive},
  volume    = {2017},
  pages     = {300},
  year      = {2017},
  url       = {http://eprint.iacr.org/2017/300},
  timestamp = {Thu, 08 Jun 2017 14:26:44 +0200},
  biburl    = {https://dblp.org/rec/bib/journals/iacr/BentovHMN17},
  bibsource = {dblp computer science bibliography, https://dblp.org}
}

@techreport{baird2016hashgraph,
  title={Hashgraph consensus: fair, fast, byzantine fault tolerance},
  author={Baird, Leemon},
  year={2016},
  institution={Swirlds Tech Report}
}

@article{CachinV17,
    author    = {Christian Cachin and
                Marko Vukolic},
    title     = {Blockchain Consensus Protocols in the Wild},
    journal   = {CoRR},
    volume    = {abs/1707.01873},
    year      = {2017},
    url       = {http://arxiv.org/abs/1707.01873},
    archivePrefix = {arXiv},
    eprint    = {1707.01873},
    timestamp = {Sat, 05 Aug 2017 14:56:18 +0200},
    biburl    = {https://dblp.org/rec/bib/journals/corr/CachinV17},
    bibsource = {dblp computer science bibliography, https://dblp.org}
}

@inproceedings{Burrows06,
    author    = {Michael Burrows},
    title     = {The Chubby Lock Service for Loosely-Coupled Distributed Systems},
    booktitle = {7th Symposium on Operating Systems Design and Implementation (OSDI'06), November 6-8, Seattle, WA, {USA}},
    pages     = {335--350},
    year      = {2006},
    url       = {http://www.usenix.org/events/osdi06/tech/burrows.html},
    timestamp = {Thu, 15 May 2014 18:36:23 +0200},
    biburl    = {https://dblp.org/rec/bib/conf/osdi/Burrows06},
    bibsource = {dblp computer science bibliography, https://dblp.org}
}

@article{bentovsnow,
	title={Snow {White}: Provably Secure Proofs of Stake},
	author={Bentov, Iddo and Pass, Rafael and Shi, Elaine}
}

@inproceedings{GarayKL15,
    author    = {Juan A. Garay and
                Aggelos Kiayias and
                Nikos Leonardos},
    title     = {The {Bitcoin Backbone Protocol}: Analysis and Applications},
    booktitle = {Advances in Cryptology - {EUROCRYPT} 2015 - 34th Annual International
        Conference on the Theory and Applications of Cryptographic Techniques,
        Sofia, Bulgaria, April 26-30, 2015, Proceedings, Part {II}},
    pages     = {281--310},
    year      = {2015},
    url       = {https://doi.org/10.1007/978-3-662-46803-6_10},
    doi       = {10.1007/978-3-662-46803-6_10},
    timestamp = {Wed, 24 May 2017 08:31:22 +0200},
    biburl    = {https://dblp.org/rec/bib/conf/eurocrypt/GarayKL15},
    bibsource = {dblp computer science bibliography, https://dblp.org}
}

@article{pass2016sleepy,
	title={The sleepy model of consensus},
	author={Pass, Rafael and Shi, Elaine}
}

@inproceedings{PassSS17,
    author    = {Rafael Pass and
                Lior Seeman and
                Abhi Shelat},
    title     = {Analysis of the Blockchain Protocol in Asynchronous Networks},
    booktitle = {Advances in Cryptology - {EUROCRYPT} 2017 - 36th Annual International
        Conference on the Theory and Applications of Cryptographic Techniques,
        Paris, France, April 30 - May 4, 2017, Proceedings, Part {II}},
    pages     = {643--673},
    year      = {2017},
    url       = {https://doi.org/10.1007/978-3-319-56614-6_22},
    doi       = {10.1007/978-3-319-56614-6_22},
    timestamp = {Sat, 16 Sep 2017 12:12:20 +0200},
    biburl    = {https://dblp.org/rec/bib/conf/eurocrypt/PassSS17},
    bibsource = {dblp computer science bibliography, https://dblp.org}
}


@misc{marketcapcryptocurrency,
	title = {Crypto-Currency Market Capitalizations},
	howpublished = {\url{https://coinmarketcap.com}},
	note = {Accessed: 2017-02}
}

@misc{mimblewimble,
	title= {MimbleWimble},
	howpublished = {\url{https://download.wpsoftware.net/bitcoin/wizardry/mimblewimble.pdf}},
	note = {Accessed: 2017-04}
}

@misc{peercoin,
	title= {Peercoin},
	howpublished = {\url{https://github.com/peercoin/peercoin}},
	note = {Accessed: 2017-04}
}

@misc{nxt,
	title= {Nxt},
	howpublished = {\url{https://ntx.org}},
	note = {Accessed: 2017-04}
}

@misc{steem,
	title= {Steem},
	howpublished = {\url{https://steem.io/SteemWhitePaper.pdf}},
	note = {Accessed: 2017-04}
}

@article{bentovpoa,
	title={Proof of Activity: Extending {Bitcoin}'s Proof of Work via Proof of Stake [Extended Abstract] y},
	author={Bentov, Iddo and Lee, Charles and Mizrahi, Alex and Rosenfeld, Meni},
	journal={ACM SIGMETRICS Performance Evaluation Review},
	volume={42},
	number={3},
	pages={34--37},
	year={2014},
	publisher={ACM}
}

@misc{casper,
	title= {Casper},
	howpublished = {\url{https://blog.ethereum.org/2015/08/01/introducing-casper-friendly-ghost/}},
	note = {Accessed: 2017-04}
}

@inproceedings{sompolinsky2015secure,
	title={Secure high-rate transaction processing in {Bitcoin}},
	author={Sompolinsky, Yonatan and Zohar, Aviv},
	booktitle={International Conference on Financial Cryptography and Data Security},
	pages={507--527},
	year={2015},
	organization={Springer}
}

@techreport{yermack2013bitcoin,
  title={Is {Bitcoin} a real currency? An economic appraisal},
  author={Yermack, David},
  year={2013},
  institution={National Bureau of Economic Research}
}

@inproceedings{barak2005secure,
  title={Secure computation without authentication},
  author={Barak, Boaz and Canetti, Ran and Lindell, Yehuda and Pass, Rafael and Rabin, Tal},
  booktitle={Annual International Cryptology Conference},
  pages={361--377},
  year={2005},
  organization={Springer}
}

@inproceedings{abd2005fault,
	title={Fault-scalable Byzantine fault-tolerant services},
	author={Abd-El-Malek, Michael and Ganger, Gregory R and Goodson, Garth R and Reiter, Michael K and Wylie, Jay J},
	booktitle={ACM SIGOPS Operating Systems Review},
	volume={39},
	number={5},
	pages={59--74},
	year={2005},
	organization={ACM}
}

@inproceedings{luusharding2016,
  title={A Secure Sharding Protocol For Open Blockchains},
  author={Luu, Loi and Narayanan, Viswesh and Zheng, Chaodong and Baweja, Kunal and Gilbert, Seth and Saxena, Prateek},
  booktitle={ACM CCS},
  year={2016}
}

@inproceedings{CromanDEGJKMSSS16,
    author    = {Kyle Croman and
                Christian Decker and
                Ittay Eyal and
                Adem Efe Gencer and
                Ari Juels and
                Ahmed E. Kosba and
                Andrew Miller and
                Prateek Saxena and
                Elaine Shi and
                Emin G{\"{u}}n Sirer and
                Dawn Song and
                Roger Wattenhofer},
    title     = {On Scaling Decentralized Blockchains - (A Position Paper)},
    booktitle = {Financial Cryptography and Data Security - {FC} 2016 International
                Workshops, BITCOIN, VOTING, and WAHC, Christ Church, Barbados, February
                26, 2016, Revised Selected Papers},
    pages     = {106--125},
    year      = {2016},
    url       = {https://doi.org/10.1007/978-3-662-53357-4_8},
    doi       = {10.1007/978-3-662-53357-4_8},
    timestamp = {Fri, 26 May 2017 00:50:27 +0200},
    biburl    = {https://dblp.org/rec/bib/conf/fc/CromanDEGJKMSSS16},
    bibsource = {dblp computer science bibliography, https://dblp.org}
}

@inproceedings{vukolic2015quest,
  title={The quest for scalable blockchain fabric: Proof-of-work vs. BFT replication},
  author={Vukoli{\'c}, Marko},
  booktitle={International Workshop on Open Problems in Network Security},
  pages={112--125},
  year={2015},
  organization={Springer}
}

@inproceedings{castro1999practical,
  author    = {Miguel Castro and
               Barbara Liskov},
  title     = {Practical Byzantine Fault Tolerance},
  booktitle = {Proceedings of the Third {USENIX} Symposium on Operating Systems Design
               and Implementation (OSDI), New Orleans, Louisiana, USA, February 22-25,
               1999},
  pages     = {173--186},
  year      = {1999}
}

@article{CL02,
  author    = {Miguel Castro and
               Barbara Liskov},
  title     = {Practical Byzantine Fault Tolerance and Proactive Recovery},
  journal   = {{ACM} Trans. Comput. Syst.},
  volume    = {20},
  number    = {4},
  pages     = {398--461},
  year      = {2002},
  url       = {https://doi.org/10.1145/571637.571640},
  doi       = {10.1145/571637.571640},
  timestamp = {Wed, 14 Nov 2018 10:49:57 +0100},
  biburl    = {https://dblp.org/rec/bib/journals/tocs/CastroL02},
  bibsource = {dblp computer science bibliography, https://dblp.org}
}

@inproceedings{aiyer2005bar,
	title={BAR fault tolerance for cooperative services},
	author={Aiyer, Amitanand S and Alvisi, Lorenzo and Clement, Allen and Dahlin, Mike and Martin, Jean-Philippe and Porth, Carl},
	booktitle={ACM SIGOPS operating systems review},
	volume={39},
	number={5},
	pages={45--58},
	year={2005},
	organization={ACM}
}


@inproceedings{kotla2007zyzzyva,
	title={Zyzzyva: speculative byzantine fault tolerance},
	author={Kotla, Ramakrishna and Alvisi, Lorenzo and Dahlin, Mike and Clement, Allen and Wong, Edmund},
	booktitle={ACM SIGOPS Operating Systems Review},
	volume={41},
	number={6},
	pages={45--58},
	year={2007},
	organization={ACM}
}

@inproceedings{cowling2006hq,
	title={HQ replication: A hybrid quorum protocol for Byzantine fault tolerance},
	author={Cowling, James and Myers, Daniel and Liskov, Barbara and Rodrigues, Rodrigo and Shrira, Liuba},
	booktitle={Proceedings of the 7th symposium on Operating systems design and implementation},
	pages={177--190},
	year={2006},
	organization={USENIX Association}
}

@misc{blockchaininfo,
  title = {Blockchain.info},
  howpublished = {\url{https://blockchain.info/stats}},
  note = {Accessed: 2016-09-30}
}

@misc{pass2016hybrid,
  title={Hybrid consensus: Efficient consensus in the permissionless model},
  author={Pass, Rafael and Shi, Elaine},
  year={2016},
  publisher={Manuscript}
}

@article{pinskynormal,
	title={The normal approximation to the hypergeometric distribution Mark A. Pinsky, Northwestern University},
	author={Pinsky, Mark A}
}

@article{fischer1985impossibility,
	title={Impossibility of distributed consensus with one faulty process},
	author={Fischer, Michael J and Lynch, Nancy A and Paterson, Michael S},
	journal={Journal of the ACM (JACM)},
	volume={32},
	number={2},
	pages={374--382},
	year={1985},
	publisher={ACM}
}

@article{dimakis2010gossip,
	title={Gossip algorithms for distributed signal processing},
	author={Dimakis, Alexandros G and Kar, Soummya and Moura, Jos{\'e} MF and Rabbat, Michael G and Scaglione, Anna},
	journal={Proceedings of the IEEE},
	volume={98},
	number={11},
	pages={1847--1864},
	year={2010},
	publisher={IEEE}
}

@article{skala2013hypergeometric,
	title={Hypergeometric tail inequalities: ending the insanity},
	author={Skala, Matthew},
	journal={arXiv preprint arXiv:1311.5939},
	year={2013}
}

@misc{bairdhashgraph,
  title={The Swirlds HashGraph Consensus Algorithm: Fair, Fast, Byzantine Fault Tolerance},
  author={Leemon Baird},
  year={2016}
}

@article{kokoris2016enhancing,
  title={Enhancing bitcoin security and performance with strong consistency via collective signing},
  author={Kokoris-Kogias, Eleftherios and Jovanovic, Philipp and Gailly, Nicolas and Khoffi, Ismail and Gasser, Linus and Ford, Bryan},
  journal={arXiv preprint arXiv:1602.06997},
  year={2016}
}

@article{PassS16a,
    author    = {Rafael Pass and
                Elaine Shi},
    title     = {FruitChains: {A} Fair Blockchain},
    journal   = {{IACR} Cryptology ePrint Archive},
    volume    = {2016},
    pages     = {916},
    year      = {2016},
    url       = {http://eprint.iacr.org/2016/916},
    timestamp = {Thu, 08 Jun 2017 14:26:43 +0200},
    biburl    = {https://dblp.org/rec/bib/journals/iacr/PassS16a},
    bibsource = {dblp computer science bibliography, https://dblp.org}
}

@inproceedings{decker2016bitcoin,
  title={Bitcoin meets strong consistency},
  author={Decker, Christian and Seidel, Jochen and Wattenhofer, Roger},
  booktitle={Proceedings of the 17th International Conference on Distributed Computing and Networking},
  pages={13},
  year={2016},
  organization={ACM}
}

@inproceedings{demers1987epidemic,
  title={Epidemic algorithms for replicated database maintenance},
  author={Demers, Alan and Greene, Dan and Hauser, Carl and Irish, Wes and Larson, John and Shenker, Scott and Sturgis, Howard and Swinehart, Dan and Terry, Doug},
  booktitle={Proceedings of the sixth annual ACM Symposium on Principles of distributed computing},
  pages={1--12},
  year={1987},
  organization={ACM}
}

@article{chlebus2006robust,
  title={Robust gossiping with an application to consensus},
  author={Chlebus, Bogdan S and Kowalski, Dariusz R},
  journal={Journal of Computer and System Sciences},
  volume={72},
  number={8},
  pages={1262--1281},
  year={2006},
  publisher={Elsevier}
}

@inproceedings{ho2007making,
  title={Making distributed applications robust},
  author={Ho, Chi and Dolev, Danny and Van Renesse, Robbert},
  booktitle={International Conference On Principles Of Distributed Systems},
  pages={232--246},
  year={2007},
  organization={Springer}
}

@inproceedings{karp2000randomized,
  title={Randomized rumor spreading},
  author={Karp, Richard and Schindelhauer, Christian and Shenker, Scott and Vocking, Berthold},
  booktitle={Foundations of Computer Science, 2000. Proceedings. 41st Annual Symposium on},
  pages={565--574},
  year={2000},
  organization={IEEE}
}

@inproceedings{chlebus2002gossiping,
  title={Gossiping to reach consensus},
  author={Chlebus, Bogdan S and Kowalski, Dariusz R},
  booktitle={Proceedings of the fourteenth annual ACM symposium on Parallel algorithms and architectures},
  pages={220--229},
  year={2002},
  organization={ACM}
}

@article{liu2015xft,
	title={XFT: practical fault tolerance beyond crashes},
	author={Liu, Shengyun}
}

@inproceedings{tseng2016recent,
	title={Recent results on fault-tolerant consensus in message-passing networks},
	author={Tseng, Lewis},
	booktitle={International Colloquium on Structural Information and Communication Complexity},
	pages={92--108},
	year={2016},
	organization={Springer}
}


@inproceedings{rodrigues2007large,
  title={Large-scale Byzantine fault tolerance: Safe but not always live},
  author={Rodrigues, Rodrigo and Kouznetsov, Petr and Bhattacharjee, Bobby},
  booktitle={Proceedings of the 3rd Workshop on Hot Topics in System Dependability},
  year={2007}
}

@article{mahajan2011depot,
	title={Depot: Cloud storage with minimal trust},
	author={Mahajan, Prince and Setty, Srinath and Lee, Sangmin and Clement, Allen and Alvisi, Lorenzo and Dahlin, Mike and Walfish, Michael},
	journal={ACM Transactions on Computer Systems (TOCS)},
	volume={29},
	number={4},
	pages={12},
	year={2011},
	publisher={ACM}
}

@inproceedings{sen2010prophecy,
	title={Prophecy: Using History for High-Throughput Fault Tolerance.},
	author={Sen, Siddhartha and Lloyd, Wyatt and Freedman, Michael J}
}

@article{abraham2017efficient,
  title={Efficient Synchronous Byzantine Consensus},
  author={Abraham, Ittai and Devadas, Srinivas and Dolev, Danny and Nayak, Kartik and Ren, Ling},
  journal={arXiv preprint arXiv:1704.02397},
  year={2017}
}

@inproceedings{singh2009zeno,
  author    = {Atul Singh and
               Pedro Fonseca and
               Petr Kuznetsov and
               Rodrigo Rodrigues and
               Petros Maniatis},
  title     = {Zeno: Eventually Consistent Byzantine-Fault Tolerance},
  booktitle = {Proceedings of the 6th {USENIX} Symposium on Networked Systems Design
               and Implementation, {NSDI} 2009, April 22-24, 2009, Boston, MA, {USA}},
  pages     = {169--184},
  year      = {2009},
}

@misc{avalanche,
    title={{Snowflake} to {Avalanche}: A Metastable Protocol Family for Cryptocurrencies},
    year={2018},
    url={https://www.dropbox.com/s/t5h2weaws1vo3c7/paper.pdf},
    howpublished={\url{https://www.dropbox.com/s/t5h2weaws1vo3c7/paper.pdf}}
}

@inproceedings{kapitza2012cheapbft,
	title={CheapBFT: resource-efficient byzantine fault tolerance},
	author={Kapitza, R{\"u}diger and Behl, Johannes and Cachin, Christian and Distler, Tobias and Kuhnle, Simon and Mohammadi, Seyed Vahid and Schr{\"o}der-Preikschat, Wolfgang and Stengel, Klaus},
	booktitle={Proceedings of the 7th ACM european conference on Computer Systems},
	pages={295--308},
	year={2012},
	organization={ACM}
}

@inproceedings{clement2009making,
	title={Making Byzantine Fault Tolerant Systems Tolerate Byzantine Faults.},
	author={Clement, Allen and Wong, Edmund L and Alvisi, Lorenzo and Dahlin, Michael and Marchetti, Mirco}
}

@inproceedings{ben1983another,
  title={Another advantage of free choice (extended abstract): Completely asynchronous agreement protocols},
  author={Ben-Or, Michael},
  booktitle={Proceedings of the second annual ACM symposium on Principles of distributed computing},
  pages={27--30},
  year={1983},
  organization={ACM}
}

@article{aspnes2003randomized,
  title={Randomized protocols for asynchronous consensus},
  author={Aspnes, James},
  journal={Distributed Computing},
  volume={16},
  number={2-3},
  pages={165--175},
  year={2003},
  publisher={Springer}
}

@techreport{aspnes2005exposing,
  title={Exposing computationally-challenged Byzantine impostors},
  author={Aspnes, James and Jackson, Collin and Krishnamurthy, Arvind},
  year={2005},
  institution={Technical Report YALEU/DCS/TR-1332, Yale University Department of Computer Science}
}

@inproceedings{istvan2016consensus,
	title={Consensus in a box: Inexpensive coordination in hardware},
	author={Istv{\'a}n, Zsolt and Sidler, David and Alonso, Gustavo}
}

@inproceedings{DworkN92,
    author    = {Cynthia Dwork and Moni Naor},
    title     = {Pricing via Processing or Combatting Junk Mail},
    booktitle = {Advances in Cryptology - {CRYPTO} '92, 12th Annual International Cryptology
        Conference, Santa Barbara, California, USA, August 16-20, 1992, Proceedings},
    pages     = {139--147},
    year      = {1992},
    url       = {https://doi.org/10.1007/3-540-48071-4_10},
    doi       = {10.1007/3-540-48071-4_10},
    timestamp = {Sat, 20 May 2017 15:32:52 +0200},
    biburl    = {https://dblp.org/rec/bib/conf/crypto/DworkN92},
    bibsource = {dblp computer science bibliography, https://dblp.org}
}

@inproceedings{vishnumurthy2003karma,
  title={Karma: A secure economic framework for peer-to-peer resource sharing},
  author={Vishnumurthy, Vivek and Chandrakumar, Sangeeth and Sirer, Emin Gun},
  booktitle={Workshop on Economics of Peer-to-peer Systems},
  volume={35},
  year={2003}
}

@misc{kiayias2016provably,
	title={A provably secure proof-of-stake blockchain protocol},
	author={Kiayias, Aggelos and Konstantinou, Ioannis and Russell, Alexander and David, Bernardo and Oliynykov, Roman},
	year={2016}
}

@inproceedings{rivest1997payword,
	title={PayWord and MicroMint: Two simple micropayment schemes},
	author={Rivest, Ronald and Shamir, Adi},
	booktitle={Security protocols},
	pages={69--87},
	year={1997},
	organization={Springer}
}

@article{dwork1988consensus,
  title={Consensus in the presence of partial synchrony},
  author={Dwork, Cynthia and Lynch, Nancy and Stockmeyer, Larry},
  journal={Journal of the ACM (JACM)},
  volume={35},
  number={2},
  pages={288--323},
  year={1988},
  publisher={ACM}
}

@article{hoeffding1963probability,
  title={Probability inequalities for sums of bounded random variables},
  author={Hoeffding, Wassily},
  journal={Journal of the American statistical association},
  volume={58},
  number={301},
  pages={13--30},
  year={1963},
  publisher={Taylor \& Francis Group}
}

@inproceedings{guerraoui2010next,
	title={The next 700 BFT protocols},
	author={Guerraoui, Rachid and Kne{\v{z}}evi{\'c}, Nikola and Qu{\'e}ma, Vivien and Vukoli{\'c}, Marko},
	booktitle={Proceedings of the 5th European conference on Computer systems},
	pages={363--376},
	year={2010},
	organization={ACM}
}

@article{georgiou2013asynchronous,
  title={Asynchronous gossip},
  author={Georgiou, Chryssis and Gilbert, Seth and Guerraoui, Rachid and Kowalski, Dariusz R},
  journal={Journal of the ACM (JACM)},
  volume={60},
  number={2},
  pages={11},
  year={2013},
  publisher={ACM}
}

@inproceedings{guerraoui2013highly,
  title={Highly dynamic distributed computing with byzantine failures},
  author={Guerraoui, Rachid and Huc, Florian and Kermarrec, Anne-Marie},
  booktitle={Proceedings of the 2013 ACM symposium on Principles of distributed computing},
  pages={176--183},
  year={2013},
  organization={ACM}
}

@inproceedings{HuntKJR10,
    author    = {Patrick Hunt and
                Mahadev Konar and
                Flavio Paiva Junqueira and
                Benjamin Reed},
    title     = {ZooKeeper: Wait-free Coordination for Internet-scale Systems},
    booktitle = {2010 {USENIX} Annual Technical Conference, Boston, MA, USA, June 23-25,
        2010},
    year      = {2010},
    url       = {https://www.usenix.org/conference/usenix-atc-10/zookeeper-wait-free-coordination-internet-scale-systems},
    timestamp = {Thu, 15 May 2014 19:14:17 +0200},
    biburl    = {https://dblp.org/rec/bib/conf/usenix/HuntKJR10},
    bibsource = {dblp computer science bibliography, https://dblp.org}
}

@inproceedings{goldwasser2015adaptively,
  title={Adaptively secure coin-flipping, revisited},
  author={Goldwasser, Shafi and Kalai, Yael Tauman and Park, Sunoo},
  booktitle={International Colloquium on Automata, Languages, and Programming},
  pages={663--674},
  year={2015},
  organization={Springer}
}

@inproceedings{douceur2002sybil,
  title={The sybil attack},
  author={Douceur, John R},
  booktitle={International Workshop on Peer-to-Peer Systems},
  pages={251--260},
  year={2002},
  organization={Springer}
}

@inproceedings{johansen2006fireflies,
  title={Fireflies: scalable support for intrusion-tolerant network overlays},
  author={Johansen, H{\aa}vard and Allavena, Andr{\'e} and Van Renesse, Robbert},
  booktitle={ACM SIGOPS Operating Systems Review},
  volume={40},
  number={4},
  pages={3--13},
  year={2006},
  organization={ACM}
}

@misc{wondernetworkping2018,
    title={Global ping statistics: Ping times between WonderNetwork servers},
    author={WonderNetwork},
    howpublished={\url{https://wondernetwork.com/pings}},
    note={Accessed: 2018-04},
}

@misc{bitnodes2018,
    title={Global {Bitcoin} nodes distribution},
    author={Bitnodes},
    howpublished={\url{https://bitnodes.earn.com/}},
    note={Accessed: 2018-04},
}

@misc{bitcoinpower,
    title={Bitcoin Energy Consumption Index},
    author={Digiconomist},
    howpublished={\url{https://digiconomist.net/bitcoin-energy-consumption}},
    note={Accessed: 2018-04},
}

@misc{denmarkpower,
    title={The World Factbook},
    author={{Central Intelligence Agency}},
    howpublished={\url{https://www.cia.gov/library/publications/the-world-factbook/geos/da.html}},
    note={Accessed: 2018-04},
}

@misc{ethereum,
    title={Ethereum: Now Going Public},
    author={Vitalik Buterin},
    howpublished={\url{https://blog.ethereum.org/2014/01/23/ethereum-now-going-public/}},
    note={Accessed: 2018-04},
}

@article{wood2014ethereum,
  title={Ethereum: A secure decentralised generalised transaction ledger},
  author={Wood, Gavin},
  year = 2014
}

@book{feller1,
  added-at = {2007-04-10T16:00:38.000+0200},
  author = {Feller, William},
  biburl = {https://www.bibsonomy.org/bibtex/2ffca3cfe18c41b3cf8b28a6604a59e58/andreab},
  citeulike-article-id = {167212},
  description = {An Introduction to Probability Theory and Its Applications},
  howpublished = {Hardcover},
  interhash = {5913bc93a52c1fad7ce8b0993debf407},
  intrahash = {ffca3cfe18c41b3cf8b28a6604a59e58},
  isbn = {0471257087},
  keywords = {book combinatorics d4.1 discrete feller probability tagora},
  month = {January},
  priority = {2},
  publisher = {Wiley},
  timestamp = {2007-04-10T16:00:38.000+0200},
  title = {An Introduction to Probability Theory and Its Applications},
  url = {http://www.amazon.ca/exec/obidos/redirect?tag=citeulike04-20{\&}path=ASIN/0471257087},
  volume = 1,
  year = 1968
}

@article{JohansenRVJ15,
    author    = {H{\aa}vard D. Johansen and
                    Robbert van Renesse and
                    Ymir Vigfusson and
                    Dag Johansen},
    title     = {Fireflies: {A} Secure and Scalable Membership and Gossip Service},
    journal   = {{ACM} Trans. Comput. Syst.},
    volume    = {33},
    number    = {2},
    pages     = {5:1--5:32},
    year      = {2015},
    url       = {http://doi.acm.org/10.1145/2701418},
    doi       = {10.1145/2701418},
    timestamp = {Tue, 03 Jan 2017 11:51:57 +0100},
    biburl    = {https://dblp.org/rec/bib/journals/tocs/JohansenRVJ15},
    bibsource = {dblp computer science bibliography, https://dblp.org}
}

@article{confluxLLXLC18,
  author    = {Chenxing Li and
               Peilun Li and
               Wei Xu and
               Fan Long and
               Andrew Chi{-}Chih Yao},
  title     = {Scaling Nakamoto Consensus to Thousands of Transactions per Second},
  journal   = {CoRR},
  volume    = {abs/1805.03870},
  year      = {2018},
  url       = {http://arxiv.org/abs/1805.03870},
  archivePrefix = {arXiv},
  eprint    = {1805.03870},
  timestamp = {Mon, 04 Jun 2018 17:53:36 +0200},
  biburl    = {https://dblp.org/rec/bib/journals/corr/abs-1805-03870},
  bibsource = {dblp computer science bibliography, https://dblp.org}
}

@misc{1807.04938,
    Author = {Ethan Buchman and Jae Kwon and Zarko Milosevic},
    Title = {The latest gossip on BFT consensus},
    Year = {2018},
    Eprint = {arXiv:1807.04938},
}

@misc{IOTA,
    author = {Serguei Popov},
    title = {The Tangle},
    howpublished = {\url{https://www.iota.org/research/academic-papers}},
    note={Accessed: 2018-04}
}

@misc{hotstuff,
    title={HotStuff: BFT Consensus in the Lens of Blockchain},
    author={Maofan Yin and Dahlia Malkhi and Michael K. Reiter and Guy Golan Gueta and Ittai Abraham},
    year={2018},
    eprint={1803.05069},
    archivePrefix={arXiv},
    primaryClass={cs.DC}
}

@inproceedings{hotstuffpodc,
    author = {Yin, Maofan and Malkhi, Dahlia and Reiter, Michael K. and Gueta, Guy Golan and Abraham, Ittai},
    title = {HotStuff: BFT Consensus with Linearity and Responsiveness},
    booktitle = {Proceedings of the 2019 ACM Symposium on Principles of Distributed Computing},
    series = {PODC '19},
    year = {2019},
    isbn = {978-1-4503-6217-7},
    location = {Toronto ON, Canada},
    pages = {347--356},
    numpages = {10},
    url = {http://doi.acm.org/10.1145/3293611.3331591},
    doi = {10.1145/3293611.3331591},
    acmid = {3331591},
    publisher = {ACM},
    address = {New York, NY, USA},
    keywords = {blockchain, byzantine fault tolerance, consensus, responsiveness, scalability},
} 

@misc{synchotstuff,
    author = {Ittai Abraham and Dahlia Malkhi and Kartik Nayak and Ling Ren and Maofan Yin},
    title = {Sync HotStuff: Simple and Practical Synchronous State Machine Replication},
    howpublished = {Cryptology ePrint Archive, Report 2019/270},
    year = {2019},
    note = {\url{https://eprint.iacr.org/2019/270}},
}

@misc{librabft,
    title = {State Machine Replication in the Libra Blockchain},
    author = {The LibraBFT Team},
    howpublished = {\url{https://developers.libra.org/docs/state-machine-replication-paper}},
    year = {2020},
}
